@MISC{2020t,
  title="{(2020, June) TensorFlow. [Online]. Available:}",
  howpublished={\url{https://www.tensorflow.org/}}
}
@MISC{2020raspberry,
  title="{(2020, June) TensorFlow. [Online]. Available:}",
  howpublished={\url{https://www.raspbian.org/RaspbianAbout/}}
}

@MISC{tensorflow-lite,
  title="{(2020, June) TensorFlow. [Online]. Available:}",
  howpublished={\url{https://www.tensorflow.org/lite/guide/}}
}
https://www.tensorflow.org/lite/guide
@MISC{2020u,
  title = "{(2020, June) United Nations Environment Program. [Online]. Available:}",
  howpublished={\url{https://www.unenvironment.org/news-and-stories/press-release/un-declares-war-ocean-plastic-0}}
}
@article{adedeji2019intelligent,
  title={Intelligent waste classification system using deep learning convolutional neural network},
  author={Adedeji, Olugboja and Wang, Zenghui},
  journal={Procedia Manufacturing},
  volume={35},
  pages={607--612},
  year={2019},
  publisher={Elsevier}
}
@article{jakovljevic2020deep,
  title={A Deep Learning Model for Automatic Plastic Mapping Using Unmanned Aerial Vehicle (UAV) Data},
  author={Jakovljevic, Gordana and Govedarica, Miro and Alvarez-Taboada, Flor},
  journal={Remote Sensing},
  volume={12},
  number={9},
  pages={1515},
  year={2020},
  publisher={Multidisciplinary Digital Publishing Institute}
}
@article{sambhi2020reverse,
  title={Reverse vending machine for managing plastic waste},
  author={Sambhi, Shilpa and Dahiya, Preeti},
  journal={International Journal of System Assurance Engineering and Management},
  pages={1--6},
  year={2020},
  publisher={Springer}
}
@article{zhang2020pet,
  title={PET bottles recycling in China: An LCA coupled with LCC case study of blanket production made of waste PET bottles},
  author={Zhang, Ruirui and Ma, Xiaotian and Shen, Xiaoxu and Zhai, Yijie and Zhang, Tianzuo and Ji, Changxing and Hong, Jinglan},
  journal={Journal of Environmental Management},
  volume={260},
  pages={110062},
  year={2020},
  publisher={Elsevier}
}
@inproceedings{dhulekar2018development,
  title={Development of Bottle Recycling Machine Using Machine Learning Algorithm},
  author={Dhulekar, Pravin and Gandhe, ST and Mahajan, Ulhas P},
  booktitle={2018 International Conference On Advances in Communication and Computing Technology (ICACCT)},
  pages={515--519},
  year={2018},
  organization={IEEE}
}
@article{mwangi2019using,
  title={Using Deep Learning to Detect Polyethylene Terephthalate (PET) Bottle Status for Recycling},
  author={Mwangi, Hellen Wanini and Mokoena, Mpai},
  journal={Global Journal of Computer Science and Technology},
  year={2019}
}
@inproceedings{ziouzios2019smart,
  title={A Smart Recycling Bin for Waste Classification},
  author={Ziouzios, Dimitris and Dasygenis, Minas},
  booktitle={2019 Panhellenic Conference on Electronics \& Telecommunications (PACET)},
  pages={1--4},
  year={2019},
  organization={IEEE}
}
@inproceedings{abadi2016tensorflow,
  title={Tensorflow: A system for large-scale machine learning},
  author={Abadi, Mart{\'\i}n and Barham, Paul and Chen, Jianmin and Chen, Zhifeng and Davis, Andy and Dean, Jeffrey and Devin, Matthieu and Ghemawat, Sanjay and Irving, Geoffrey and Isard, Michael and others},
  booktitle={12th $\{$USENIX$\}$ symposium on operating systems design and implementation ($\{$OSDI$\}$ 16)},
  pages={265--283},
  year={2016}
}
@article{zeiler2012adadelta,
  title={Adadelta: an adaptive learning rate method},
  author={Zeiler, Matthew D},
  journal={arXiv preprint arXiv:1212.5701},
  year={2012}
}

@misc{s2018mobilenetv2,
    title={MobileNetV2: Inverted Residuals and Linear Bottlenecks},
    author={Mark Sandler and Andrew Howard and Menglong Zhu and Andrey Zhmoginov and Liang-Chieh Chen},
    year={2018},
    eprint={1801.04381},
    archivePrefix={arXiv},
    primaryClass={cs.CV}
}